<record><leader>01618cam a2200373 i 4500</leader><controlfield tag="001">6815600</controlfield><controlfield tag="003">OCoLC</controlfield><controlfield tag="005">20150220160407.0</controlfield><controlfield tag="008">140925t20152015mdu      b    001 0 eng  </controlfield><datafield ind1=" " ind2=" " tag="010"><subfield code="a">  2014035503</subfield></datafield><datafield ind1=" " ind2=" " tag="020"><subfield code="a">9780739190173</subfield><subfield code="q">cloth</subfield><subfield code="q">alk. paper</subfield></datafield><datafield ind1=" " ind2=" " tag="020"><subfield code="a">0739190172</subfield><subfield code="q">cloth</subfield><subfield code="q">alk. paper</subfield></datafield><datafield ind1=" " ind2=" " tag="020"><subfield code="z">9780739190180</subfield><subfield code="q">electronic</subfield></datafield><datafield ind1=" " ind2=" " tag="035"><subfield code="a">ocn889168731</subfield></datafield><datafield ind1=" " ind2=" " tag="040"><subfield code="a">DLC</subfield><subfield code="b">eng</subfield><subfield code="e">rda</subfield><subfield code="c">DLC</subfield><subfield code="d">YDXCP</subfield><subfield code="d">BTCTA</subfield><subfield code="d">BDX</subfield><subfield code="d">OCLCO</subfield><subfield code="d">OCLCQ</subfield><subfield code="d">WAU</subfield><subfield code="d">CDX</subfield><subfield code="d">UAB</subfield><subfield code="d">AEU</subfield></datafield><datafield ind1=" " ind2=" " tag="042"><subfield code="a">pcc</subfield></datafield><datafield ind1="0" ind2="0" tag="050"><subfield code="a">HQ1190</subfield><subfield code="b">.T85 2015</subfield></datafield><datafield ind1="0" ind2="0" tag="082"><subfield code="a">305.42</subfield><subfield code="2">23</subfield></datafield><datafield ind1=" " ind2=" " tag="090"><subfield code="a">HQ 1190 T85 2015</subfield><subfield code="b">AEU</subfield></datafield><datafield ind1="1" ind2=" " tag="100"><subfield code="a">Tuin, Iris van der,</subfield><subfield code="e">author.</subfield></datafield><datafield ind1="1" ind2="0" tag="245"><subfield code="a">Generational feminism :</subfield><subfield code="b">new materialist introduction to a generative approach /</subfield><subfield code="c">Iris van der Tuin.</subfield></datafield><datafield ind1=" " ind2="1" tag="264"><subfield code="a">Lanham :</subfield><subfield code="b">Lexington Books,</subfield><subfield code="c">[2015]</subfield></datafield><datafield ind1=" " ind2="4" tag="264"><subfield code="c">&#169;2015</subfield></datafield><datafield ind1=" " ind2=" " tag="300"><subfield code="a">xxii, 153 pages ;</subfield><subfield code="c">24 cm</subfield></datafield><datafield ind1=" " ind2=" " tag="336"><subfield code="a">text</subfield><subfield code="b">txt</subfield><subfield code="2">rdacontent</subfield></datafield><datafield ind1=" " ind2=" " tag="337"><subfield code="a">unmediated</subfield><subfield code="b">n</subfield><subfield code="2">rdamedia</subfield></datafield><datafield ind1=" " ind2=" " tag="338"><subfield code="a">volume</subfield><subfield code="b">nc</subfield><subfield code="2">rdacarrier</subfield></datafield><datafield ind1=" " ind2=" " tag="504"><subfield code="a">Includes bibliographical references (pages 125-143) and index.</subfield></datafield><datafield ind1="0" ind2=" " tag="505"><subfield code="a">Introduction: on being an agent of feminism -- The key terms of generational feminism -- Classifixation in feminist theory -- Dutiful daughters -- Generation in genealogy -- The transversality of Barbara McClintock -- The full force of feminist genealogy -- Conclusion: advancing generative feminism -- Epilogue: rhythmical order.</subfield></datafield><datafield ind1=" " ind2=" " tag="596"><subfield code="a">16</subfield></datafield><datafield ind1=" " ind2="0" tag="650"><subfield code="a">Feminism.</subfield></datafield><datafield ind1=" " ind2="0" tag="650"><subfield code="a">Feminist theory</subfield><subfield code="x">Methodology.</subfield></datafield><datafield ind1=" " ind2=" " tag="949"><subfield code="a">HQ 1190 T85 2015</subfield><subfield code="h">UAAU-B</subfield><subfield code="i">0162035249125</subfield></datafield><datafield ind1=" " ind2=" " tag="926"><subfield code="a">HQ 1190 T85 2015</subfield><subfield code="w">LC</subfield><subfield code="c">1</subfield><subfield code="i">0162035249125</subfield><subfield code="l">ON_SHELF</subfield><subfield code="m">UAAUG</subfield><subfield code="p">$150.00</subfield><subfield code="r">Y</subfield><subfield code="s">Y</subfield><subfield code="t">BOOK</subfield><subfield code="u">3/4/2015</subfield></datafield></record>